<?xml version="1.0" encoding="UTF-8"?><collection xmlns="http://www.loc.gov/MARC21/slim"><record><leader>00863nam--2200205-u-4500</leader><controlfield tag="001">000054269</controlfield><controlfield tag="002">20161230</controlfield><controlfield tag="005">20161230201051</controlfield><controlfield tag="008">111101s1000------------r-----000-0-rus-d</controlfield><datafield ind1=" " ind2=" " tag="040"><subfield code="a">IFIN-HH</subfield></datafield><datafield ind1=" " ind2=" " tag="041"><subfield code="a">rus</subfield></datafield><datafield ind1=" " ind2=" " tag="080"><subfield code="a">539..12:539.1.073.7</subfield></datafield><datafield ind1="1" ind2=" " tag="100"><subfield code="a">Powell, C. F</subfield></datafield><datafield ind1="1" ind2="0" tag="245"><subfield code="a">Issledovanie elementatnih ceastit fotograficeskim metodom</subfield><subfield code="b">Obzor osnovnih metodov eksperimenta i otkritii, illyustrovannii atlasom mikrofotografii</subfield><subfield code="c">C.f. powell, p.h. fowler, d.h. perkins</subfield></datafield><datafield ind1=" " ind2=" " tag="260"><subfield code="a">Moskva</subfield><subfield code="b">Izdatelstvo Inostrannoi Literaturi</subfield><subfield code="c">1962</subfield></datafield><datafield ind1=" " ind2=" " tag="300"><subfield code="a">/PAG.DIF.</subfield></datafield><datafield ind1=" " ind2=" " tag="500"><subfield code="a">Titlul Original In Limba Engleza: The Study Of Elementary Particles By The Photographic Method An Account Of The Principal Techniques And Discoveries Illustrated By An Atlas Of Photomicrographs</subfield></datafield><datafield ind1="1" ind2=" " tag="700"><subfield code="a">Perkins, D.H</subfield></datafield><datafield ind1=" " ind2=" " tag="852"><subfield code="a">8441</subfield><subfield code="c">539.1.073.7</subfield></datafield><datafield ind1=" " ind2=" " tag="CAT"><subfield code="a">Sys</subfield><subfield code="c">20111101</subfield><subfield code="h">163910</subfield></datafield></record></collection>